<?xml version="1.0" encoding="UTF-8"?><collection xmlns="http://www.loc.gov/MARC21/slim"><record><leader>00443nam--2200133-i-4500</leader><controlfield tag="001">000047942</controlfield><controlfield tag="002">20161230</controlfield><controlfield tag="005">20161230201046</controlfield><controlfield tag="008">060222s1000------------r-----000-0-eng-d</controlfield><datafield ind1=" " ind2=" " tag="100"><subfield code="a">Zahn,Peter</subfield></datafield><datafield ind1=" " ind2=" " tag="245"><subfield code="a">Eine einfuhrung der reellen zahlen im rahmen der operativen logik ohne die unterscheidung von sprachschichten. dissertation</subfield></datafield><datafield ind1=" " ind2=" " tag="260"><subfield code="a">Tubingen, Eberhard-karls-univ.,1965. 122 P</subfield></datafield><datafield ind1=" " ind2=" " tag="852"><subfield code="a">23421</subfield><subfield code="c">517.11</subfield></datafield><datafield ind1=" " ind2=" " tag="CAT"><subfield code="a">Sys</subfield><subfield code="c">20080715</subfield><subfield code="h">123744</subfield></datafield></record></collection>